greg@pop-os.1162208:1602046301