@book{Barber,
 place={Cambridge},
 title={Bayesian Reasoning and Machine Learning},
 ISBN={978-0-511-80477-9},
 url={http://ebooks.cambridge.org/ref/id/CBO9780511804779},
 publisher={Cambridge University Press},
 author={Barber, David},
 year={2011}
 }

@book{fpp,
  title={Forecasting: principles and practice},
  author={Hyndman, R.J. and Athanasopoulos, G.},
  isbn=9780987507112,
  url={https://books.google.com/books?id=\_bBhDwAAQBAJ},
  year=2018,
  publisher={OTexts}
}

@article{Raftery,
 URL = {http://www.jstor.org/stable/271063},
 author = {Adrian E. Raftery},
 journal = {Sociological Methodology},
 pages = {111--163},
 publisher = {American Sociological Association},
 title = {Bayesian Model Selection in Social Research},
 volume = 25,
 year = 1995
}


